@misc{zbufer,
	title="Алгоритм Z-буфера. [Электронный ресурс]",
	howpublished="Режим доступа: \url{http://compgraph.tpu.ru/Oglavlenie.htm} (дата обращения: 09.10.2022)"
}

@misc{roberts,
	title="Алгоритм Робертса. [Электронный ресурс]",
	howpublished="Режим доступа: \url{http://compgraph.tpu.ru/Oglavlenie.htm} (дата обращения: 09.10.2022)"
}

@misc{varnok,
	title="Алгоритм Варнока. [Электронный ресурс]",
	howpublished="Режим доступа: \url{http://compgraph.tpu.ru/Oglavlenie.htm} (дата обращения: 09.10.2022)"
}

@inbook{
	rojers,
	author="Роджерс Д., Адамс Дж.",
	title="Математические основы машинной графики",
	publisher="М.: Мир",
	language="russian",
	year=1989
}

@misc{raytrac,
	title="Обратная трассировка лучей",
	howpublished="Режим доступа: \url{http://www.ray-tracing.ru/articles164.html} (дата обращения: 09.10.2022)"
}

@book{
	moroz,
	author="Мороз В.И., Кононович Э.В.",
	title="Общий курс астрономии.",
	publisher="М.: Мир",
	year=2001,
	pages=603
}

@misc{cul,
	title="Алгоритмические основы современной компьютерной графики",
	howpublished="Режим доступа: \url{https://intuit.ru/studies/courses/70/70/info} (дата обращения: 09.10.2022)"
}

@misc{light,
	title="Простые модели освещения",
	howpublished="Режим доступа: \url{http://grafika.me/node/344} (дата обращения: 12.10.2022)"
}

@misc{verle,
	title="Метод Стёрмера --- Верле",
	howpublished="Режим доступа: \url{https://hleb-produkt.ru/stati/7809-metod-stermera-verle.html} (дата обращения: 15.10.2022)"
}

@misc{intel,
	title="Процессор Intel® Core™ i5-1135G7 [Электронный ресурс]",
	howpublished="Режим доступа: \url{https://ark.intel.com/content/www/ru/ru/ark/products/208658/intel-core-i51135g7-processor-8m-cache-up-to-4-20-ghz.htmll} (дата обращения: 20.01.2023)"
}